<?xml version="1.0" encoding="UTF-8"?><collection xmlns="http://www.loc.gov/MARC21/slim"><record><leader>00497nam--2200145-i-4500</leader><controlfield tag="001">000013211</controlfield><controlfield tag="002">20161230</controlfield><controlfield tag="005">20161230201030</controlfield><controlfield tag="008">060222s1000------------r-----000-0-eng-d</controlfield><datafield ind1=" " ind2=" " tag="080"><subfield code="a">681.3.012</subfield></datafield><datafield ind1=" " ind2=" " tag="100"><subfield code="a">Bernard, Jean-michel., Hugon, Jean Et Le Corve C, Robert</subfield></datafield><datafield ind1=" " ind2=" " tag="245"><subfield code="a">De la logique cablee aux microprocesseurs. tome 3: methodes de conception de systemes</subfield></datafield><datafield ind1=" " ind2=" " tag="260"><subfield code="a">Paris, Editions Eyrolles, 1979</subfield></datafield><datafield ind1=" " ind2=" " tag="490"><subfield code="a">Collection Technique Et Scientifiques Des Tele Communications</subfield></datafield><datafield ind1=" " ind2=" " tag="852"><subfield code="a">46494</subfield></datafield></record></collection>